% Modelos de referências em BibTeX

% ATENCAO:
%
% - para preservar as maiúsculas em siglas nos títulos, use {...}.
    Veja um exemplo na referência "iskandar00" abaixo.

%%%%% exemplo de livro 
@book{iskandar00,
   author	= {J. Iskandar},
   title	= {Normas da {ABNT} Comentadas para Trabalhos Científicos},
   year		= {2000},
   publisher	= {Editora Champagnat (PUCPR)}
}

@book{goossens93,
   author	= {M. Goossens and F. Mittelbach and A. Samarin},
   title	= {The \LaTeX\ Companion},
   year		= {1993},
   publisher	= {Addison-Wesley}
}

@book{oetiker07,
   author	= {T. Oetiker and H. Partl and I. Hyna and E. Schlegl},
   title	= {The Not So Short Introduction to \LaTeXe{}},
   publisher	= {\url{http://www.ctan.org/tex-archive/info/lshort}},
   year		= {2007}
}

%%%%% exemplo de parte de livro
@inbook{Birman89,
   author	= {K. Birman and T. Joseph},
   editor	= {S. Mullender},
   pages	= {293-317},
   publisher	= {Addison-Wesley},
   title	= {Reliable Broadcast Protocols in Distributed Systems},
   year		= {1989}
}

%%%%% exemplo de manual
@manual{Chorus96a,
   title	= {Chorus/Cool-ORB r3 - Product Description},
   organization = {Chorus Systems},      
   note	= {CS/TR-95-157.3},
   month	= {June},
   year		= {1996}
}

%%%%% exemplo de tese de doutorado
@phdthesis{Maziero94,
   author	= {C. Maziero},
   title	= {Conception et réalisation d'un noyau de système
   		   réparti pour la simulation parallèle},
   school	= {IRISA - Université de Rennes I}, 
   address	= {Rennes - France},
   note 	= {137 pgs},
   number	= {1161},
   month	= {June},
   year		= {1994}
}

%%%%% exemplo de dissertação de mestrado
@mastersthesis{Ribeiro97,
   author	= {R. Ribeiro},
   title	= {Proposta de um suporte para simulações orientadas a 
		   objetos distribuídas em uma plataforma aberta},
   school	= {Pós-Graduação em Engenharia Elétrica - Universidade
		   Federal de Santa Catarina}, 
   address	= {Fpolis - SC},
   note 	= {},
   number	= {},
   month	= {Junho},
   year		= {1997}
}

%%%%% exemplo de artigo em revista
@article{Awerbuch85a,
   author	= {B. Awerbuch},
   title	= {Complexity of network synchronization},
   journal	= {Journal of ACM},
   volume	= {32},
   number	= {4},
   pages	= {801-823},
   note 	= {invited paper},
   month	= {October},
   year		= {1985}
}

%%%%% exemplo de relatório técnico
@techreport{bibufpr15,
   author	= {Biblioteca UFPR},
   institution	= {Sistema de Bibliotecas -- Universidade Federal do Paran\'a},
   title	= {Manual de normaliza\c{c}\~ao de documentos cient\'ificos de acordo com as normas da {ABNT}},
   number	= {ISBN 9788584800025},
   address	= {Curitiba PR},
   year		= {2015}
}

%%%%% exemplo de URL (páginas Web)
@misc{maziero15,
   title	= {Modelo {PPGInf UFPR} para teses e dissertações},
   author	= {Carlos Maziero},
   howpublished	= {\url{http://www.inf.ufpr.br/maziero}},
   year		= {2015},
   note		= {Acessado em 30/11/2015}
}

%%%%%==================================== My refs ====================================
%%%%%>>> Parking problem references
@conference{pklot1,
   author	= {Paulo R.L. de Almeida and Luiz S. Oliveira and Eunelson Silva and Alceu Britto and Alessandro Koerich},
   title	= {Parking Space Detection Using Textural Descriptors},
   booktitle	= {2013 IEEE International Conference on Systems, Man, and Cybernetics},
   address	= {Manchester, UK},
   pages	= {},
   month	= {October},
   year		= {2013}
}

@article{pklot2,
   author	= {Paulo R.L. de Almeida and Luiz S. Oliveira and Alceu S. Britto Jr. and Eunelson J. Silva Jr. and Alessandro L. Koerich},
   title	= {PKLot - A robust dataset for parking lot classification},
   journal	= {Expert Systems with Applications},
   url = {https://www.sciencedirect.com/science/article/pii/S0957417415001086},
   volume	= {42},
   number = {11},
   pages	= {4937-4949},
   month	= {February},
   year		= {2015}
}

@article{systematic-review,
   author = {Paulo Ricardo Lisboa de Almeida and Jeovane Honório Alves and Rafael Stubs Parpinelli and Jean Paul Barddal},
   title	= {A systematic review on computer vision-based parking lot management applied on public datasets},
   journal = {Expert Systems with Applications},
   url = {https://www.sciencedirect.com/science/article/pii/S0957417422002032},
   volume	= {198},
   number	= {},
   pages	= {116731},
   month	= {February},
   year		= {2022}
}

@article{cnrpark,
   author = {Giuseppe Amato and Fabio Carrara and Fabrizio Falchi and Claudio Gennaro and Carlo Meghini and Claudio Vairo},
   title	= {Deep learning for decentralized parking lot occupancy detection},
   journal	= {Expert Systems with Applications},
   url = {https://www.sciencedirect.com/science/article/pii/S095741741630598X},
   volume	= {72},
   pages	= {327-334},
   month	= {October},
   year		= {2017}
}

@conference{hochuli-1,
   author	= {Andre G. Hochuli and Alceu S. Britto Jr and Paulo R. L. de Almeida and Williams B. S. Alves, Fabio M. C. Cagni},
   title	= {Evaluation of Different Annotation Strategies for Deployment of Parking Spaces Classification Systems},
   booktitle	= {International Joint Conference oN Neural Networks (IJCNN)},
   address	= {Padua, Italy},
   pages	= {1-8},
   month	= {July},
   year		= {2022}
}

@conference{hochuli-2,
   author	= {Andre G. Hochuli and AJean Paul Barddal and Paulo R. L. de Almeida and Gillian Cezar Palhano and Leonardo Matheus Mendes},
   title	= {Deep Single Models vs. Ensembles: Insights for a Fast Deployment of Parking Monitoring Systems},
   booktitle	= {International Conference on Machine Learning and Applications (ICMLA)},
   address	= {Florida, USA},
   pages	= {1379-1384},
   month	= {December},
   year		= {2023}
}

@article{grbic,
   author	= {Ratko Grbić and Brando Koch},
   title	= {Automatic vision-based parking slot detection and occupancy classification},
   journal	= {Expert Systems with Applications},
   url = {https://www.sciencedirect.com/science/article/pii/S0957417423006498},
   volume	= {225},
   pages	= {120147},
   month	= {April},
   year		= {2023}
}

@conference{heat-map,
   author	= {Paulo R. Lisboa de Almeida and Jeovane Honorio Alves and Luiz S. Oliveira and Andre Gustavo Hochuli and Joao V. Frohlich and Rodrigo A. Krauel},
   title	= {Vehicle Occurrence-based Parking Space Detection},
   booktitle	= {IEEE International Conference on Systems, Man, and Cybernetics (SMC)},
   address	= {Oahu - Hawaii, USA},
   pages	= {},
   month	= {October},
   year		= {2023}
}

@misc{MobileNetV3,
   title={Searching for MobileNetV3}, 
   author={Andrew Howard and Mark Sandler and Grace Chu and Liang-Chieh Chen and Bo Chen and Mingxing Tan and Weijun Wang and Yukun Zhu and Ruoming Pang and Vijay Vasudevan and Quoc V. Le and Hartwig Adam},
   year={2019},
   eprint={1905.02244},
   archivePrefix={arXiv},
   primaryClass={cs.CV}
}

@article{parking-lot-monitoring-technologies,
   author = {Paidi, Vijay and Fleyeh, Hasan and Håkansson, Johan and Nyberg, Roger G.},
   title = {Smart parking sensors, technologies and applications for open parking lots: a review},
   journal = {IET Intelligent Transport Systems},
   volume = {12},
   number = {8},
   pages = {735-741},
   keywords = {intelligent transportation systems, intelligent sensors, magnetometers, ultrasonic devices, computer vision, feedforward neural nets, multi-agent systems, learning (artificial intelligence), traffic information systems, deep learning, smart parking applications, real-time parking occupancy information, environmental conditions, multiagent systems, convolutional neural network, machine vision, machine vision, ultrasonic sensors, magnetometers, parking efficiency, guidance information, congestions, environmental pollution, traffic dense environments, open parking lot, smart parking sensors},
   doi = {https://doi.org/10.1049/iet-its.2017.0406},
   url = {https://ietresearch.onlinelibrary.wiley.com/doi/abs/10.1049/iet-its.2017.0406},
   year = {2018}
}

%%%%%>>> Synthetic data references

@conference{synthetic-parking1,
  author={Tschentscher, Marc and Pruß, Ben and Horn, Daniela},
  booktitle={2017 IEEE Intelligent Vehicles Symposium (IV)}, 
  title={A simulated car-park environment for the evaluation of video-based on-site parking guidance systems}, 
  year={2017},
  pages={1571-1576},
  doi={10.1109/IVS.2017.7995933}
}

@conference{synthetic-parking2,
  author={Horn, Daniela and Houben, Sebastian},
  booktitle={2018 IEEE Intelligent Vehicles Symposium (IV)}, 
  title={Evaluation of Synthetic Video Data in Machine Learning Approaches for Parking Space Classification}, 
  address={Changshu, China},
  month={October},
  year={2018},
  pages={2157-2162},
  doi={10.1109/IVS.2018.8500453}}

@InProceedings{synthetic-bias,
   author = {Jaipuria, Nikita and Zhang, Xianling and Bhasin, Rohan and Arafa, Mayar and Chakravarty, Punarjay and Shrivastava, Shubham and Manglani, Sagar and Murali, Vidya N.},
   title = {Deflating Dataset Bias Using Synthetic Data Augmentation},
   booktitle = {Proceedings of the IEEE/CVF Conference on Computer Vision and Pattern Recognition (CVPR) Workshops},
   month = {June},
   year = {2020}
}

@conference{objectPose,
   author	= {Jonathan Tremblay and Thang To and Balakumar Sundaralingam and Yu Xiang and Dieter Fox and Stan Birchfield},
   title	= {Deep Object Pose Estimation for Semantic Robotic Grasping of Household Objects},
   booktitle	= {Conference on Robot Learning (CoRL)},
   address	= {Zurich - Switzerland},
   pages	= {307-316},
   month	= {Setember},
   year		= {2018}
}

@misc{domain-random,
      title={Domain Randomization for Transferring Deep Neural Networks from Simulation to the Real World}, 
      author={Josh Tobin and Rachel Fong and Alex Ray and Jonas Schneider and Wojciech Zaremba and Pieter Abbeel},
      year={2017},
      eprint={1703.06907},
      archivePrefix={arXiv},
      primaryClass={cs.RO}
}

@conference{unity-perception,
   author	= {Steve Borkman and Adam Crespi and Saurav Dhakad and Sujoy Ganguly and Jonathan Hogins and You-Cyuan Jhang and Mohsen Kamalzadeh and Bowen Li and Steven Leal and Pete Parisi and Cesar Romero and Wesley Smith and Alex Thaman and Samuel Warren and Nupur Yadav},
   title	= {Unity Perception: Generate Synthetic Data for Computer Vision},
   booktitle	= {2017 IEEE/RSJ International Conference on Intelligent Robots and Systems (IROS)},
   address	= {Vancouver, BC, Canada},
   pages	= {},
   month	= {Setember},
   year		= {2017}
}

@misc{NDDS,
   title	= {NDDS: NVIDIA deep learning dataset synthesizer,},
   author	= {T. To and J. Tremblay and D. McKay and Y. Yamaguchi and K. Leung and A. Balanon and J. Cheng and and S. Birch-field.},
   howpublished	= {\url{https://github.com/NVIDIA/Dataset_Synthesizer.}},
   year		= {2018},
   note		= {Acessado em 07/12/2023}
}

@misc{fspy,
   title	= {fSpy - Open source still image camera matching},
   author	= {Stuffmatic},
   howpublished	= {\url{https://fspy.io/}},
   year		= {2023},
   note		= {Acessado em 12/12/2023}
}

@article{steel-defect,
   author	= {Aleksei Boikov and Vladimir Payor and Roman Savelev and Alexandr Kolesnikov},
   title	= {Synthetic Data Generation for Steel Defect Detection and Classification Using Deep Learning},
   journal	= {Symmetry},
   url = {https://www.mdpi.com/2073-8994/13/7/1176},
   volume	= {13},
   number = {7},
   pages	= {1176},
   month	= {June},
   year	= {2021}
}

@conference{synthetic-pedestrians,
   author	= {Hadi Keivan Ekbatani and Oriol Pujol and Santi Segui},
   title	= {Synthetic Data Generation for Deep Learning in Counting Pedestrians},
   booktitle	= {International Conference on Pattern Recognition Applications and Methods (ICPRAM},
   address	= {Porto, Portugal},
   pages	= {318-323},
   month	= {January},
   year		= {2017}
}

@article{fully-synthetic-training,
  author       = {Stefan Hinterstoisser and Olivier Pauly and Hauke Heibel and Martina Marek and Martin Bokeloh},
  title        = {An Annotation Saved is an Annotation Earned: Using Fully Synthetic Training for Object Instance Detection},
  journal      = {CoRR},
  volume       = {abs/1902.09967},
  year         = {2019},
  url          = {http://arxiv.org/abs/1902.09967},
  eprinttype    = {arXiv},
  eprint       = {1902.09967},
  timestamp    = {Tue, 21 May 2019 18:03:39 +0200},
  biburl       = {https://dblp.org/rec/journals/corr/abs-1902-09967.bib},
  bibsource    = {dblp computer science bibliography, https://dblp.org}
}